%% This BibTeX bibliography file was created using BibDesk.
%% http://bibdesk.sourceforge.net/


%% Created for Christophe Julien at 2013-10-17 16:12:33 +0200 


%% Saved with string encoding Unicode (UTF-8) 



@book{01-npComplet,
	Address = {New York, NY, USA},
	Author = {Garey, Michael R. and Johnson, David S.},
	Date-Added = {2013-10-17 14:08:39 +0000},
	Date-Modified = {2013-10-17 14:09:49 +0000},
	Isbn = {0716710455},
	Publisher = {W. H. Freeman \&amp; Co.},
	Title = {Computers and Intractability; A Guide to the Theory of NP-Completeness},
	Year = {1990}}

@article{02-algoFourmis,
	Acmid = {2225338},
	Address = {Piscataway, NJ, USA},
	Author = {Dorigo, M. and Maniezzo, V. and Colorni, A.},
	Date-Added = {2013-10-17 14:08:16 +0000},
	Date-Modified = {2013-10-17 14:09:37 +0000},
	Doi = {10.1109/3477.484436},
	Issn = {1083-4419},
	Issue_Date = {February 1996},
	Journal = {Trans. Sys. Man Cyber. Part B},
	Month = feb,
	Number = {1},
	Numpages = {13},
	Pages = {29--41},
	Publisher = {IEEE Press},
	Title = {Ant system: optimization by a colony of cooperating agents},
	Url = {http://dx.doi.org/10.1109/3477.484436},
	Volume = {26},
	Year = {1996},
	Bdsk-Url-1 = {http://dx.doi.org/10.1109/3477.484436}}

@book{03-algoTabou,
	Address = {Norwell, MA, USA},
	Author = {Glover, Fred and Laguna, Manuel},
	Date-Added = {2013-10-17 14:05:25 +0000},
	Date-Modified = {2013-10-17 14:10:10 +0000},
	Isbn = {079239965X},
	Publisher = {Kluwer Academic Publishers},
	Title = {Tabu Search},
	Year = {1997}}
